<?xml version="1.0" encoding="UTF-8"?><collection xmlns="http://www.loc.gov/MARC21/slim"><record><leader>00556nam--2200181-u-4500</leader><controlfield tag="001">000053298</controlfield><controlfield tag="002">20161230</controlfield><controlfield tag="005">20161230201051</controlfield><controlfield tag="008">110126s1000------------r-----000-0-fre-d</controlfield><datafield ind1=" " ind2=" " tag="040"><subfield code="a">IFIN-HH</subfield></datafield><datafield ind1=" " ind2=" " tag="041"><subfield code="a">fre</subfield></datafield><datafield ind1=" " ind2=" " tag="080"><subfield code="a">535-15(043)</subfield></datafield><datafield ind1="1" ind2=" " tag="100"><subfield code="a">Guillemot, Jean-claude</subfield></datafield><datafield ind1="1" ind2="0" tag="245"><subfield code="a">Contribution a l'etude du transfert de rayonnement dans les nuages par la methode des harmoniques spheriques</subfield><subfield code="b">These</subfield><subfield code="c">Jean-claude guillemot</subfield></datafield><datafield ind1=" " ind2=" " tag="260"><subfield code="a">Lille</subfield><subfield code="b">Universite De Lille</subfield><subfield code="c">1966</subfield></datafield><datafield ind1=" " ind2=" " tag="300"><subfield code="a">/PAG. DIF.</subfield></datafield><datafield ind1=" " ind2=" " tag="852"><subfield code="a">74101</subfield><subfield code="c">535</subfield></datafield><datafield ind1=" " ind2=" " tag="CAT"><subfield code="a">Sys</subfield><subfield code="c">20110126</subfield><subfield code="h">112746</subfield></datafield></record></collection>